@MANUAL{svgspec,
    title = "Scalable Vector Graphics (SVG) 1.1 Specification {[online]}",
    organization = "WWW Consorcium",
    url = "http://www.w3.org/TR/2003/REC-SVG11-20030114/",
    note = "[cit. 2011-07-07]",
    key = "svg"
}

@INBOOK{kobltypo,
	title = "Praktick{\' a} typografie",
	author = "Pavel Ko{\v c}i{\v c}ka and Filip Blazek",
	publisher = "Brno: Computer Press",
	year = "2004"
}

@BOOK{rybicka,
	title = "LaTeX pro za\v c\'ate\v cn\'\i{}ky",
	author = "Ji{\v r}{\' i} Rybicka",
	isbn = "80-7302-049-1",
	publisher = "Brno: Konvoj",
	edition = "3"
}

@MANUAL{iso690,
	organization = "\'U\v rad pro technickou normalizaci, metrologii a st\'atn\'\i{} zku\v sebnictv\'\i{}",
	title = "\v CSN ISO 690 Informace a dokumentace -- Pravidla pro bibliografick\'e odkazy a citace informa\v cn\'\i{}ch zdroj{\r u}",
	year = "2011"
}


@ARTICLE {sitova-karta-s-fpga-xilinx,
    title  = "Síťová karta s FPGA Xilinx pro 1 a 10GbE",
    journal = "V: Pandatron - elektrotechnický magazín {[online]}",
    howpublished = "[online]",
    month  = "červen",
    year   = "2013",
    note = "[cit. 2015-10-31]",
    url    = "http://pandatron.cz/?2939&sitova_karta_s_fpga_xilinx_pro_1_a_10gbe"
}

@MANUAL {reactjs,
	organization = "Facebook Inc.",
	title  = "React",	
	note = "[cit. 2018-03-07]",
	url    = "https://reactjs.org/"
}

@ARTICLE {react-crud-app,
	author = "Sophie DeBenedetto",
	title  = "Building a Simple CRUD App with React + Redux: Part I Intro {[online]}",
    howpublished = "[online]",
	site = "thegreatcodeadventure.com",
	year   = "2016",
	note = "[cit. 2018-03-07]",
	url    = "http://www.thegreatcodeadventure.com/building-a-simple-crud-app-with-react-redux-part-1/"
}

@MANUAL {jsx,
	organization = "Facebook Inc.",
	title  = "Introducing JSX {[online]}",
	year   = "2018",
	note = "[cit. 2018-03-07]",
	url    = "https://reactjs.org/docs/introducing-jsx.html"
}

@ARTICLE {data_binding,
	author = "Eric Greene",
	title  = "Two-Way Data Binding: Angular 2 and React {[online]}",
    howpublished = "[online]",
	year   = "2018",
	note = "[cit. 2018-03-07]",
	url    = "https://www.accelebrate.com/blog/two-way-data-binding-angular-2-and-react/"
}

@ARTICLE {doctrine2,
	author = "Jan Tichý",
	title  = "Doctrine 2: úvod do systému {[online]}",
	howpublished = [online],
	year   = "2010",
	note = "[cit. 2018-03-11]",
	url    = "https://www.zdrojak.cz/clanky/doctrine-2-uvod-do-systemu/"
}

@MANUAL {skipper,
	organization = "Inventic s.r.o.",
	title  = "Skipper",
	url    = "https://www.skipper18.com"
}

@MANUAL {skipper_features,
	organization = "Inventic s.r.o.",
	title  = "Skipper features {[online]}",
	note = "[cit. 2018-04-11]",
	url    = "https://www.skipper18.com/en/features"
}

@MANUAL {enterprise_architect,
	organization = "Sparx Systems Pty Ltd.",
	title  = "Enterprise Architect",
	url    = "http://sparxsystems.com/products/ea/"
}

@MANUAL {nette,
	organization = "Nette Foundation",
	title  = "Nette framework",
	url    = "https://nette.org/cs/"
}

@MANUAL {nette_mvc,
	organization = "Nette Foundation",
	title  = "MVC aplikace a presentery {[online]}",
	note = "[cit. 2018-04-11]",
	url    = "https://doc.nette.org/cs/2.4/presenters"
}

@ARTICLE {si1_pred7,
	author = "Jiří Mlejnek",
	title  = "Návrh – rozhraní a komponenty {[online]}",
	howpublished = "[online]",
	site = "edux.fit.cvut.cz",
	year   = "2018",
	note = "[cit. 2018-04-25]",
	url    = "https://edux.fit.cvut.cz/courses/BI-SI1/_media/lectures/07/07.prednaska.pdf"
}

@ARTICLE {si1_pred6,
	author = "Jiří Mlejnek",
	title  = "Návrhové třídy a přiřazení zodpovědností {[online]}",
	howpublished = "[online]",
	site = "edux.fit.cvut.cz",
	year   = "2018",
	note = "[cit. 2018-04-25]",
	url    = "https://edux.fit.cvut.cz/courses/BI-SI1/_media/lectures/06/06.prednaska.pdf"
}

@MANUAL {jqx_dataTable,
	organization = "jQWidgets",
	title  = "jqxDataTable {[online]}",
	url    = "https://www.jqwidgets.com/react/react-datatable/index.htm"
}